@article{Arnade,
author = {Arnade, Carlos and Vocke, Gary},
title = {Seasonal Variation in the Price Discovery Process of International Wheat},
journal = {Agribusiness},
volume = {32},
number = {1},
pages = {16-32},
year = {2016}
}

